@misc{Wiki:OpenMP,
	Title = {OpenMPsad},
	author = {Wikipedia},
	howpublished = "\url{https://de.wikipedia.org/wiki/OpenMP}",
	note     = {Zuletzt aufgerufen 26.02.2017}
}
@misc{Wiki:MPI,
	Title = {{Message Parsing Interface}},
	author = {Wikipedia},
	howpublished = "\url{https://de.wikipedia.org/wiki/Message_Passing_Interface}",
	note     = {Zuletzt aufgerufen 26.02.2017}
}
@misc{Report:MPI31,
	Title = {MPI: A Message-Passing Interface Standard},
	author = {Message Passing Interface Forum},
	howpublished = "\url{http://mpi-forum.org/docs/mpi-3.1/mpi31-report.pdf}",
	note     = {Zuletzt aufgerufen 26.02.2017}
}
@misc{MPICH:Overview,
	Title = {{MPICH Overview}},
	author = {MPICH},
	howpublished = "\url{http://www.mpich.org/about/overview/}",
	note     = {Zuletzt aufgerufen 26.02.2017}
}
@misc{OpenMP:Compiler,
	Title = {{OpenMP Compiler}},
	author = {OpenMP ARB},
	howpublished = "\url{http://www.openmp.org/resources/openmp-compilers/}",
	note     = {Zuletzt aufgerufen 26.02.2017}
}
@misc{MPICH:ManPages,
	Title = {{Man pages for MPICH}},
	author = {MPICH},
	howpublished = "\url{http://www.mpich.org/static/docs/v3.0.x/}",
	note     = {Zuletzt aufgerufen 26.02.2017}
}
@misc{PIC: MVC,
	Title = {{Diagramm MVC-Modell}},
	howpublished = "\url{http://docs.sitefinity.com/sf-images/default-source/default-album/mvc.png?sfvrsn=0}",
	note     = {Zuletzt aufgerufen 28.04.2017}
}


